<record><leader>00000cas a2200000 a 4500</leader><controlfield tag="001">25755594</controlfield><controlfield tag="008">920504d18401841iluwr ne      0   a0eng c</controlfield><datafield ind1=" " ind2=" " tag="010"><subfield code="a">sn 92053237 </subfield></datafield><datafield ind1=" " ind2=" " tag="040"><subfield code="a">NVF</subfield><subfield code="b">eng</subfield><subfield code="c">NVF</subfield><subfield code="d">CVF</subfield><subfield code="d">OCL</subfield><subfield code="d">CVF</subfield><subfield code="d">NVF</subfield><subfield code="d">DLC</subfield><subfield code="d">NVF</subfield><subfield code="d">OCLCF</subfield><subfield code="d">NVF</subfield><subfield code="d">OCLCO</subfield><subfield code="d">OCL</subfield><subfield code="d">NVF</subfield></datafield><datafield ind1="0" ind2=" " tag="022"><subfield code="a">2328-7527</subfield><subfield code="2">1</subfield></datafield><datafield ind1=" " ind2=" " tag="042"><subfield code="a">pcc</subfield><subfield code="a">nsdp</subfield></datafield><datafield ind1=" " ind2=" " tag="043"><subfield code="a">n-us-il</subfield></datafield><datafield ind1="0" ind2="0" tag="050"><subfield code="a">Newspaper</subfield></datafield><datafield ind1="0" ind2="0" tag="082"><subfield code="a">071</subfield><subfield code="2">23</subfield></datafield><datafield ind1=" " ind2="4" tag="222"><subfield code="a">The Illinois free trader</subfield><subfield code="b">(Print)</subfield></datafield><datafield ind1="0" ind2="4" tag="245"><subfield code="a">The Illinois free trader.</subfield></datafield><datafield ind1="1" ind2=" " tag="246"><subfield code="i">Publisher's box:</subfield><subfield code="a">Free trader</subfield></datafield><datafield ind1=" " ind2=" " tag="260"><subfield code="a">Ottawa, Ill. :</subfield><subfield code="b">George F. Weaver &amp; John Hise,</subfield><subfield code="c">1840-1841.</subfield></datafield><datafield ind1=" " ind2=" " tag="300"><subfield code="a">volumes :</subfield><subfield code="b">illustrations</subfield></datafield><datafield ind1=" " ind2=" " tag="310"><subfield code="a">Weekly</subfield></datafield><datafield ind1="0" ind2=" " tag="362"><subfield code="a">Vol. 1, no. 1 (May 23, 1840)-v. 2, no. 1 (May 28, 1841).</subfield></datafield><datafield ind1=" " ind2=" " tag="500"><subfield code="a">"Our country, her commerce, and her free institutions."</subfield></datafield><datafield ind1=" " ind2=" " tag="500"><subfield code="a">Published Saturday, June 6, 1840, instead of Friday, June 5, 1840.</subfield></datafield><datafield ind1=" " ind2=" " tag="500"><subfield code="a">Not published May 21, 1841.</subfield></datafield><datafield ind1=" " ind2=" " tag="525"><subfield code="a">Issue for Mar. 12, 1841 accompanied by a supplement.</subfield></datafield><datafield ind1=" " ind2=" " tag="530"><subfield code="a">Archived issues are available in digital format as part of the Library of Congress Chronicling America online collection.</subfield></datafield><datafield ind1=" " ind2="0" tag="651"><subfield code="a">Ottawa (Ill.)</subfield><subfield code="v">Newspapers.</subfield></datafield><datafield ind1=" " ind2="0" tag="651"><subfield code="a">La Salle County (Ill.)</subfield><subfield code="v">Newspapers.</subfield></datafield><datafield ind1=" " ind2="7" tag="651"><subfield code="a">Illinois</subfield><subfield code="z">La Salle County</subfield><subfield code="2">fast</subfield><subfield code="0">(OCoLC)fst01213234</subfield></datafield><datafield ind1=" " ind2="7" tag="651"><subfield code="a">Illinois</subfield><subfield code="z">Ottawa.</subfield><subfield code="2">fast</subfield><subfield code="0">(OCoLC)fst01226738</subfield></datafield><datafield ind1=" " ind2="7" tag="655"><subfield code="a">Newspapers.</subfield><subfield code="2">fast</subfield><subfield code="0">(OCoLC)fst01423814</subfield></datafield><datafield ind1=" " ind2=" " tag="752"><subfield code="a">United States</subfield><subfield code="b">Illinois</subfield><subfield code="c">La Salle County</subfield><subfield code="d">Ottawa.</subfield></datafield><datafield ind1="0" ind2="8" tag="776"><subfield code="i">Online version:</subfield><subfield code="t">Illinois free trader (Online)</subfield><subfield code="x">2328-7535</subfield><subfield code="w">(DLC)  2013218764</subfield><subfield code="w">(OCoLC)841366625</subfield></datafield><datafield ind1="0" ind2="0" tag="785"><subfield code="t">Illinois free trader and LaSalle County commercial advertiser</subfield><subfield code="x">2328-594X</subfield><subfield code="w">(DLC)sn 82014968</subfield><subfield code="w">(OCoLC)8807560</subfield></datafield><datafield ind1="4" ind2="1" tag="856"><subfield code="u">http://chroniclingamerica.loc.gov/lccn/sn92053237/issues</subfield></datafield><datafield ind1="1" ind2=" " tag="029"><subfield code="a">AU@</subfield><subfield code="b">000028341087</subfield></datafield></record>